@article{stansbury2013neuron,
  title={Natural Scene Statistics Account for the Representation of Scene Categories in Human Visual Cortex},
  author={Stansbury DE, Naselaris T, Gallant JL},
  journal={Neuron},
  volume={79},
  number={5},
  pages={1025--1034},
  year={2013},
  publisher={Elsevier, Inc.}
}
