@article{lindquist2008statistical,
  title={The statistical analysis of fMRI data},
  author={Lindquist, Martin A and others},
  journal={Statistical Science},
  volume={23},
  number={4},
  pages={439--464},
  year={2008},
  publisher={Institute of Mathematical Statistics}
  }
@article{stansbury2013neuron,
  title={Natural Scene Statistics Account for the Representation of Scene Categories in Human Visual Cortex},
  author={Stansbury DE, Naselaris T, Gallant JL},
  journal={Neuron},
  volume={79},
  number={5},
  pages={1025--1034},
  year={2013},
  publisher={Elsevier, Inc.}
  }

